<collection xmlns="http://www.loc.gov/MARC21/slim">
<record>
  <leader>01622nam0a2200289 i 450 </leader>
  <controlfield tag="001">IT\ICCU\CNCE\021062</controlfield>
  <controlfield tag="005">20150527000000.0</controlfield>
  <datafield tag="012" ind1=" " ind2=" ">
    <subfield code="a">e-ri em&amp;q ece- les. (C) 1520 (R)</subfield>
    <subfield code="2">fei</subfield>
  </datafield>
  <datafield tag="100" ind1=" " ind2=" ">
    <subfield code="a">19970101d1520        0itac0103    ba</subfield>
  </datafield>
  <datafield tag="101" ind1=" " ind2=" ">
    <subfield code="a">LAT</subfield>
  </datafield>
  <datafield tag="102" ind1=" " ind2=" ">
    <subfield code="a">IT</subfield>
  </datafield>
  <datafield tag="200" ind1="1" ind2=" ">
    <subfield code="a">Mercuriale Ioannis An. cum additionibus. R.p.d Nicolai Superancij patricij Veneti ac equitis Hyerosolimitani nouiter additis</subfield>
  </datafield>
  <datafield tag="210" ind1=" " ind2=" ">
    <subfield code="a">\Trino</subfield>
    <subfield code="c">Giovanni Giolito De Ferrari il vecchio &amp; Gerardo Zeglio!</subfield>
    <subfield code="e">Impressum in opido Tridini</subfield>
    <subfield code="g">impensis domini Joannis de Ferrarijs alias Jolitis ac domini Gerardi de Zeijs predicti loci</subfield>
    <subfield code="h">1520 die XXIII mensis Octobris</subfield>
  </datafield>
  <datafield tag="215" ind1=" " ind2=" ">
    <subfield code="a">74 c.</subfield>
    <subfield code="d">fol</subfield>
  </datafield>
  <datafield tag="620" ind1=" " ind2=" ">
    <subfield code="a">IT</subfield>
    <subfield code="d">Trino</subfield>
  </datafield>
  <datafield tag="700" ind1=" " ind2="0">
    <subfield code="a">Giovanni</subfield>
    <subfield code="c"> : d&apos;Andrea</subfield>
    <subfield code="3">IT\ICCU\CNCA\001228</subfield>
  </datafield>
  <datafield tag="702" ind1=" " ind2="1">
    <subfield code="a">Soranzo,</subfield>
    <subfield code="b"></subfield>
    <subfield code="3">IT\ICCU\CNCA\000010</subfield>
  </datafield>
  <datafield tag="712" ind1="0" ind2="0">
    <subfield code="a">Giolito De Ferrari, Giovanni &lt;1.&gt; &amp; Zeglio, Gerardo</subfield>
    <subfield code="3">IT\ICCU\CNCT\000085</subfield>
    <subfield code="4">650</subfield>
  </datafield>
  <datafield tag="790" ind1=" " ind2="1">
    <subfield code="a">Andrea,</subfield>
    <subfield code="b">Giovanni : d&apos;</subfield>
    <subfield code="3">IT\ICCU\CNCA\006081</subfield>
    <subfield code="z">Giovanni : d&apos;Andrea</subfield>
  </datafield>
  <datafield tag="790" ind1=" " ind2="0">
    <subfield code="a">Iohannes</subfield>
    <subfield code="c"> : Andreae</subfield>
    <subfield code="3">IT\ICCU\CNCA\016244</subfield>
    <subfield code="z">Giovanni : d&apos;Andrea</subfield>
  </datafield>
  <datafield tag="790" ind1=" " ind2="1">
    <subfield code="a">Superantius,</subfield>
    <subfield code="b">Nicolaus</subfield>
    <subfield code="3">IT\ICCU\CNCA\005072</subfield>
    <subfield code="z"></subfield>
  </datafield>
  <datafield tag="791" ind1="0" ind2="0">
    <subfield code="a">Zeglio, Gerardo</subfield>
    <subfield code="3">IT\ICCU\CNCT\000086</subfield>
    <subfield code="z">Giolito De Ferrari, Giovanni &lt;1.&gt; &amp; Zeglio, Gerardo</subfield>
  </datafield>
  <datafield tag="801" ind1=" " ind2="3">
    <subfield code="a">IT</subfield>
    <subfield code="b">ICCU</subfield>
    <subfield code="c">20201114</subfield>
  </datafield>
  <datafield tag="899" ind1=" " ind2=" ">
    <subfield code="a">Biblioteca  Panizzi. Reggio Emilia</subfield>
    <subfield code="1">RE0052</subfield>
    <subfield code="2">RE2 PA</subfield>
  </datafield>
  <datafield tag="899" ind1=" " ind2=" ">
    <subfield code="a">Biblioteca Niccol ̣V. Sarzana</subfield>
    <subfield code="1">SP0058</subfield>
    <subfield code="2">PBE C5</subfield>
  </datafield>
  <datafield tag="911" ind1=" " ind2=" ">
    <subfield code="a">Sul front.</subfield>
    <subfield code="9">IT\ICCU\CNCM\000339</subfield>
  </datafield>
  <datafield tag="921" ind1=" " ind2=" ">
    <subfield code="a">IT\ICCU\CNCM\000339</subfield>
    <subfield code="b">Due guerrieri tengono uno scudo appeso ad un albero. Nello scudo le iniziali I.G.S.</subfield>
    <subfield code="c">Z23</subfield>
    <subfield code="d">Dimensioni: 9 x 11,7</subfield>
    <subfield code="f">GUERRIERI</subfield>
    <subfield code="f">SCUDO</subfield>
    <subfield code="f">ALBERO</subfield>
    <subfield code="f">IGS</subfield>
    <subfield code="f">CROCE</subfield>
    <subfield code="g">1509-1523</subfield>
  </datafield>
</record>
</collection>
